@manual{BOOK,
    title = "jMonkeyEngine 3 Beginners Guide",
    author = "http://book.jmonkeyengine.org/"
}

@manual{JMONKEY,
    title = "Modern Java 3D",
    author = "http://jmonkeyengine.com/"
}

@manual{LWJGL,
    title = "Lightweight Java Game Library",
    author = "http://lwjgl.org/"
}

@manual{OGL,
    title = "Open Graphics Library",
    author = "http://www.opengl.org/"
}

@manual{WIKI,
    title = "Wikipedia, The Free Encyclopedia",
    author = "http://en.wikipedia.org/wiki/Main\_Page"
}

@manual{GB,
    title = "The Home of PC Game Customization",
    author = "http://gamebanana.com/"
}

@manual{FS,
    title = "Database of Creative Commons Licensed sounds",
    author = "http://www.freesound.org/"
}

@manual{BEGINNERS,
    title = "Documentation and Tutorials",
    author = "http://jmonkeyengine.org/wiki/doku.php/jme3\#tutorials\_for\_beginners"
}

@manual{LOG,
    title = "Apache log4j",
    author = "http://logging.apache.org/log4j/1.2/"
}

@manual{JAVA,
    title = "The Java Tutorials",
    author = "http://docs.oracle.com/javase/tutorial/"
}

@manual{VALVE1,
    title = "Basic networking",
    author = "https://developer.valvesoftware.com/wiki/Source\_Multiplayer\_Networking"
}

@manual{VALVE2,
    title = "Latency Compensating Methods in Client/Server In-game Protocol Design and Optimization",
    author = "https://developer.valvesoftware.com/wiki/Latency\_Compensating\_Methods\_in\_Client/Server\_In-game\_Protocol\_Design\_and\_Optimization"
}

@manual{EBERLY,
    title = "3D Game Engine Design",
    author = "David Eberly"
}

@manual{JSR,
    title = "Java Binding for the OpenGL API",
    author = "http://jcp.org/en/jsr/detail?id=231"
}


